@misc{copernicus,
  title = "{What is copernicus}. ({English})",
  author = "Copernicus Emergency Management Service",
  howpublished = "\url{http://emergency.copernicus.eu/mapping/ems/what-copernicus}"
}

@misc{twitteropensource,
  title = "{Open Source at Twitter}. ({English})",
  author = "Twitter",
  howpublished = "\url{https://engineering.twitter.com/opensource}"
}

@misc{twitterapi,
  title = "{Twitter REST APIs}. ({English})",
  author = "Twitter",
  howpublished = "\url{https://dev.twitter.com/rest/public}"
}

@article{pennstate,
    author =       "Liam Jackson",
    title =        "{Mining social media can help improve disaster response efforts}. ({English})",
    journal =      "???",
    volume =       "???",
    number =       "??",
    pages =        "??--??",
    year =         "2016",
    DOI =          "http://news.psu.edu/story/388370/2016/01/20/research/mining-social-media-can-help-improve-disaster-response-efforts"
}

@article{italianearthquakes,
    author =       "Avvenuti, Marco and Cresci, Stefano and La Polla, Mariantonietta N. and Marchetti, Andrea and Tesconi, Maurizio",
    title =        "{Earthquake emergency management by Social Sensing}. ({English})",
    journal =      "The Second IEEE International Workshop on Social and Community Intelligence",
    volume =       "???",
    number =       "??",
    pages =        "??--??",
    year =         "2014",
    DOI =          "http://???"
}

@article{hurricanesandy,
    author =       "Hultquist, Carolynne and Simpson, Mark and Cervone, Guido and Huang, Qunying",
    title =        "{Using nightlight remote sensing imagery and Twitter data to study power outages}. ({English})",
    journal =      "EM-GIS '15 Proceedings of the 1st ACM SIGSPATIAL International Workshop on the Use of GIS in Emergency Management",
    volume =       "Article No.	6",
    number =       "??",
    pages =        "??--??",
    year =         "2015",
    DOI =          "http://dl.acm.org/citation.cfm?doid=2835596.2835601"
}

@article{estellesgonzalez,
    author = "Enrique Estell\'es-Arolas and Fernando Gonz\'alez-Ladr\'on-de-Guevara",
    title = "{Towards and integrated crowdsourcing definition}. ({English})",
    journal = "Journal of Information Science",
    volume = "??",
    number = "??",
    pages = "1-14",
    year = "2012",
    DOI = "10.1177/016555150000000",
    howpublished = "\url{http://www.crowdsourcing-blog.org/wp-content/uploads/2012/02/Towards-an-integrated-crowdsourcing-definition-Estellés-González.pdf}"
}

@article{flooddetection,
    author = "Jongman, Brenden and Wagemaker, Jurjen and Revilla Romero, Beatriz and Coughlan de Perez, Erin",
    title = "{Early Flood Detection for Rapid Humanitarian Response: Harnessing Near Real-Time Satellite and Twitter Signals}. ({English})",
    journal = "ISPRS International Journal of Geo-Information",
    volume = "??",
    number = "??",
    pages = "2246-2266",
    year = "2015",
    DOI = "10.3390/ijgi4042246",
    howpublished = "\url{http://www.mdpi.com/journal/ijgi}"
}